<record xmlns="http://www.loc.gov/MARC21/slim" xmlns:xsi="http://www.w3.org/2001/XMLSchema-instance" xsi:schemaLocation="http://www.loc.gov/MARC21/slim http://www.loc.gov/standards/marcxml/schema/MARC21slim.xsd"><leader>00860cz   2200217n  4500</leader><controlfield tag="001">oca00256966 </controlfield><controlfield tag="005">20020529170219.0</controlfield><controlfield tag="008">790419n| acannaab           |a aaa      </controlfield><datafield ind1=" " ind2=" " tag="010"><subfield code="a">n  79023201 </subfield></datafield><datafield ind1=" " ind2=" " tag="040"><subfield code="a">DLC</subfield><subfield code="c">DLC</subfield><subfield code="d">NjP</subfield><subfield code="d">DLC</subfield></datafield><datafield ind1="0" ind2=" " tag="100"><subfield code="a">Arrian</subfield></datafield><datafield ind1="1" ind2=" " tag="400"><subfield code="a">Arrianus, Flavius</subfield><subfield code="w">nna</subfield></datafield><datafield ind1="0" ind2=" " tag="400"><subfield code="a">Arrien</subfield></datafield><datafield ind1="0" ind2=" " tag="400"><subfield code="a">Arriános</subfield></datafield><datafield ind1="1" ind2=" " tag="400"><subfield code="a">Arriano, Flavio</subfield></datafield><datafield ind1="1" ind2=" " tag="400"><subfield code="a">Arriano, Lucio Flavio</subfield></datafield><datafield ind1="0" ind2=" " tag="400"><subfield code="a">Arriano</subfield></datafield><datafield ind1=" " ind2=" " tag="670"><subfield code="a">Bashmakov, A. A. La synthèse des périples pontiques ... 1948.</subfield></datafield><datafield ind1=" " ind2=" " tag="670"><subfield code="a">Gli eventi dopo Alessandro, c1993:</subfield><subfield code="b">t.p. (Flavio Arriano) p. 7, etc. (Lucio Flavio Arriano, b. in Bitinia ca. 87-90 A.D.; death date unkown, but no later than 180)</subfield></datafield><datafield ind1=" " ind2=" " tag="670"><subfield code="a">Oxford class. dict.</subfield><subfield code="b">(Arrian (Flavius Arrianus, 2nd c. A.D.) of Bithynia, governed Cappadocia under Hadrian))</subfield></datafield><datafield ind1=" " ind2=" " tag="670"><subfield code="a">Anabasi di Alessandro, 2001- :</subfield><subfield code="b">v. 1, t.p. (Arriano)</subfield></datafield></record>